@article{bib:alexeeva2008,
	author = {Н. П. Алексеева and А. О. Алекссев and Ю. Б. Вахтин and В. Ю. Кравцов and С. Н. Кузоватов and Т. И. Скорикова},
	title = {Динамика роста числа ядерных аномалий рабдомиосаркомы RA-23 при увеличении дозы острого редкоионизирующего облучения. Исследование на основе модели реинтрантно-биномиального распределения},
	journal = {Цитология},
	date = {2008},
	series = {6},
	pages = {528--534},
	language = {russian}
}

@article{bib:alexeeva2013,
	author = {Alexeeva N., Sotov A.},
	title = {The Negative Binomial Model of Word Usage},
	journal = {Electronic Journal of Applied Statistical Analysis},
	date = {2013},
	volume = {6},
	number = {1},
	language = {english}
}

@book{bib:feller1952,
	author = {Феллер, В.},
	title = {Введение в теорию вероятностей и её приложения. В 2 т},
	date = {1952},
	volume = {1},
	location = {Москва},
	numpages = {528},
	publisher = {Мир},
	language = {russian}
}

@book{bib:knuth1998,
	author = {Р. Грэхем and Д. Кнут and О. Паташник},
	title = {Конкретная математика. Основание информатики},
	date = {1998},
	isbn = {5-03-001793-3},
	location = {Москва},
	numpages = {703},
	publisher = {Мир},
	language = {russian}
}

@book{bib:alexeeva2013,
	author = {Н. П. Алексеева},
	title = {Анализ медико-биологических систем. Реципрокность, эргодичность, синонимия},
	date = {2013},
	isbn = {978-5-288-05347-4},
	location = {Санкт-Петербург},
	numpages = {184},
	publisher = {Изд-во СПбГУ},
	language = {russian}
}